@article {DeFeo,
    AUTHOR = {De Feo, Luca and Jao, David and Pl\^{u}t, J\'{e}r\^{o}me},
     TITLE = {Towards quantum-resistant cryptosystems from supersingular
              elliptic curve isogenies},
   JOURNAL = {J. Math. Cryptol.},
  FJOURNAL = {Journal of Mathematical Cryptology},
    VOLUME = {8},
      YEAR = {2014},
    NUMBER = {3},
     PAGES = {209--247},
      ISSN = {1862-2976},
   MRCLASS = {81P94},
  MRNUMBER = {3259113},
       DOI = {10.1515/jmc-2012-0015},
       URL = {https://doi.org/10.1515/jmc-2012-0015},
}

@book {Silverman,
    AUTHOR = {Silverman, Joseph H.},
     TITLE = {The arithmetic of elliptic curves},
    SERIES = {Graduate Texts in Mathematics},
    VOLUME = {106},
      NOTE = {Corrected reprint of the 1986 original},
 PUBLISHER = {Springer-Verlag, New York},
      YEAR = {1992},
     PAGES = {xii+400},
      ISBN = {0-387-96203-4},
   MRCLASS = {11G05 (14H52)},
  MRNUMBER = {1329092},
}

@book {Washington,
    AUTHOR = {Washington, Lawrence C.},
     TITLE = {Elliptic curves},
    SERIES = {Discrete Mathematics and its Applications},
   EDITION = {Second},
      NOTE = {Number theory and cryptography},
 PUBLISHER = {Chapman \& Hall/CRC},
      YEAR = {2008},
     PAGES = {xviii+513},
      ISBN = {978-1-4200-7146-7; 1-4200-7146-7},
   MRCLASS = {11G05 (11G20 14G50 94A60 94B27)},
  MRNUMBER = {2404461},
       DOI = {10.1201/9781420071474},
       URL = {https://doi.org/10.1201/9781420071474},
}

@misc{castryck,
      author = {Wouter Castryck and Thomas Decru},
      title = {An efficient key recovery attack on SIDH (preliminary version)},
      howpublished = {Cryptology ePrint Archive, Paper 2022/975},
      year = {2022},
      note = {\url{https://eprint.iacr.org/2022/975}},
      url = {https://eprint.iacr.org/2022/975}
}
